@inproceedings{zheng2018robust,
  title={A Robust Approach to Sequential Information Theoretic Planning},
  author={Zheng, Sue and Pacheco, Jason and Fisher, John},
  booktitle={International Conference on Machine Learning},
  pages={5936--5944},
  year={2018}
}

@inproceedings{rainforth2018nesting,
  title={On nesting Monte Carlo estimators},
  author={Rainforth, Tom and Cornish, Robert and Yang, Hongseok and Warrington, Andrew},
  booktitle={International Conference on Machine Learning},
  pages={4264--4273},
  year={2018}
}

@article{agakov2004algorithm,
  title={The {IM} algorithm: a variational approach to information maximization},
  author={Barber, David and Agakov, Felix},
  journal={{NIPS}},
  volume={16},
  pages={201},
  year={2004}
}

@inproceedings{pacheco2019variational,
  title={Variational Information Planning for Sequential Decision Making},
  author={Pacheco, Jason and Fisher {III}, John},
  booktitle={{AISTATS}},
  pages={2028--2036},
  year={2019}
}

@incollection{Foster2019,
title = {Variational Bayesian Optimal Experimental Design},
author = {Foster, Adam and Jankowiak, Martin and Bingham, Elias and Horsfall, Paul and Teh, Yee Whye and Rainforth, Thomas and Goodman, Noah},
booktitle = {Advances in Neural Information Processing Systems 32},
pages = {14036--14047},
year = {2019}
}

@book{Cover2006,
  added-at = {2009-04-20T21:27:16.000+0200},
  at = {2008-03-31 06:17:47},
  author = {Cover, Thomas M. and Thomas, Joy A.},
  biburl = {https://www.bibsonomy.org/bibtex/22e9bfa879286689a14feb55b69d326c1/ywhuang},
  howpublished = {Hardcover},
  id = {1877660},
  interhash = {87ae368776946bf7a71ee476e81a2191},
  intrahash = {2e9bfa879286689a14feb55b69d326c1},
  isbn = {0471241954},
  keywords = {information-theory book},
  month = {July},
  priority = {0},
  publisher = {Wiley-Interscience},
  timestamp = {2009-04-20T21:27:16.000+0200},
  title = {Elements of Information Theory 2nd Edition (Wiley Series in Telecommunications and Signal Processing)},
  year = 2006
}


@book{mackay2003information,
  title={Information theory, inference and learning algorithms},
  author={MacKay, David JC and Mac Kay, David JC and others},
  year={2003},
  publisher={Cambridge university press}
}

@article{kermack1927contribution,
  title={A contribution to the mathematical theory of epidemics},
  author={Kermack, William Ogilvy and McKendrick, Anderson G},
  journal={Proceedings of the royal society of london. Series A, Containing papers of a mathematical and physical character},
  volume={115},
  number={772},
  pages={700--721},
  year={1927},
  publisher={The Royal Society London}
}

@incollection{allen2008introduction,
  title={An introduction to stochastic epidemic models},
  author={Allen, Linda JS},
  booktitle={Mathematical epidemiology},
  pages={81--130},
  year={2008},
  publisher={Springer}
}

@article{thomas2022likelihood,
  title={Likelihood-free inference by ratio estimation},
  author={Thomas, Owen and Dutta, Ritabrata and Corander, Jukka and Kaski, Samuel and Gutmann, Michael U},
  journal={Bayesian Analysis},
  volume={17},
  number={1},
  pages={1--31},
  year={2022},
  publisher={International Society for Bayesian Analysis}
}

@article{kleinegesse2021sequential,
  title={Sequential Bayesian experimental design for implicit models via mutual information},
  author={Kleinegesse, Steven and Drovandi, Christopher and Gutmann, Michael U},
  journal={Bayesian Analysis},
  volume={16},
  number={3},
  pages={773--802},
  year={2021},
  publisher={International Society for Bayesian Analysis}
}

@article{lindley56,
  ISSN =	 {0003-4851},
  author =	 {Lindley, D. V.},
  copyright =	 {Copyright 1956 Institute of Mathematical Statistics},
  journal =	 {The Annals of Mathematical Statistics},
  month =	 {December},
  number =	 4,
  pages =	 {986--1005},
  publisher =	 {Institute of Mathematical Statistics},
  title =	 {On a Measure of the Information Provided by an Experiment},
  volume =	 27,
  year =	 1956,
  pdf = lindley56.pdf
}

@phdthesis{WilliamsThesis,
 author = {Williams, J. L.},
 advisor = {Fisher III, J. W. and Willsky, A. S.},
 title = {Information Theoretic Sensor Management},
 year = {2007},
 school = {MIT},
 address = {Cambridge, MA, USA},
}

@article{settles2012active,
  title={Active learning},
  author={Settles, Burr},
  journal={Synthesis Lectures on Artificial Intelligence and Machine Learning},
  volume={6},
  number={1},
  pages={1--114},
  year={2012},
  publisher={Morgan \& Claypool Publishers}
}

@inproceedings{blackwell50,
  author =	 {Blackwell, D.},
  title =	 {Comparison of Experiments},
  booktitle =	 {2nd BSMSP},
  pages =	 {93--102},
  year =	 1950,
  editor =	 {Neyman, Jerzy},
  address =	 {Berkeley, CA},
  month =	 {August},
  organization = {UC Berkeley}
}

@article{bernardo79a,
	title = {{Expected Information as Expected Utility}},
	author = {Bernardo, J. M.},
	journal = {Ann. Stat.},
	volume = {7},
	number = {3},
	pages = {686--690},
	month =	 {May},
	year = {1979},
	publisher = {Institute of Mathematical Statistics}
}

@inproceedings{krause05efficientalgos,
	author = {Krause, A. and Guestrin, C.},
	title = {{Optimal Nonmyopic Value of Information in Graphical Models -- Efficient Algorithms And Theoretical Limits}},
	booktitle = {IJCAI},
	month = {July},
	year = {2005},
	pages = {1339--1345},
}

@article{tishby2000information,
  title={The information bottleneck method},
  author={Tishby, Naftali and Pereira, Fernando C and Bialek, William},
  journal={arXiv preprint physics/0004057},
  year={2000}
}

@inproceedings{poole2019variational,
  title={On variational bounds of mutual information},
  author={Poole, Ben and Ozair, Sherjil and Van Den Oord, Aaron and Alemi, Alex and Tucker, George},
  booktitle={International Conference on Machine Learning},
  pages={5171--5180},
  year={2019},
  organization={PMLR}
}

@inproceedings{foster2020unified,
  title={A unified stochastic gradient approach to designing bayesian-optimal experiments},
  author={Foster, Adam and Jankowiak, Martin and Oâ€™Meara, Matthew and Teh, Yee Whye and Rainforth, Tom},
  booktitle={International Conference on Artificial Intelligence and Statistics},
  pages={2959--2969},
  year={2020},
  organization={PMLR}
}

@inproceedings{huber2008entropy,
  title={On entropy approximation for Gaussian mixture random vectors},
  author={Huber, Marco F and Bailey, Tim and Durrant-Whyte, Hugh and Hanebeck, Uwe D},
  booktitle={2008 IEEE International Conference on Multisensor Fusion and Integration for Intelligent Systems},
  pages={181--188},
  year={2008},
  organization={IEEE}
}

@BOOK{bishop2006pattern,
  title = {Pattern recognition and machine learning},
  publisher = {Springer New York},
  year = {2006},
  author = {Bishop, Christopher M and Nasrabadi, Nasser M}
}

@book{murphy2012machine,
  title={Machine learning: a probabilistic perspective},
  author={Murphy, Kevin P},
  year={2012},
  publisher={MIT press}
}
